<?xml version="1.0" encoding="UTF-8"?><collection xmlns="http://www.loc.gov/MARC21/slim"><record><leader>00420nam--2200157-i-4500</leader><controlfield tag="001">000040332</controlfield><controlfield tag="002">20161230</controlfield><controlfield tag="005">20170122224647</controlfield><controlfield tag="008">060222s1000------------r-----000-0-eng-d</controlfield><datafield ind1=" " ind2=" " tag="100"><subfield code="a">Sarquiz, M</subfield></datafield><datafield ind1=" " ind2=" " tag="245"><subfield code="a">Methode d`essais d`un ensemble de coincidence rapide</subfield></datafield><datafield ind1=" " ind2=" " tag="260"><subfield code="a">Saclay</subfield><subfield code="b">Centre D`Etudes Nucleaires</subfield><subfield code="c">1967</subfield></datafield><datafield ind1=" " ind2=" " tag="300"><subfield code="a">22 p. + 1 P.Fig</subfield></datafield><datafield ind1=" " ind2=" " tag="700"><subfield code="a">Carnet, B</subfield></datafield><datafield ind1=" " ind2=" " tag="852"><subfield code="a">29161</subfield></datafield><datafield ind1=" " ind2=" " tag="CAT"><subfield code="a">SYS</subfield><subfield code="c">20170122</subfield><subfield code="h">224647</subfield></datafield></record></collection>